@inproceedings{shachter-peot1992,

   author={Ross. D. Shachter and Mark A. Peot},

   title={Decision Making Using Probabilistic Inference Methods},

   year={1992},

   booktitle={8th Conferece on Uncertainty in Artificial Intelligence},

   place={San Mateo, CA},

   pages={276-283}

}

@article{buntine1996,

   author={Wray Buntine},

   title={A guide to the literature on learning probabilistic networks from data},

   year={1996},

   journal={IEEE Trans. on Knowledge and Data Engineering},

   volume={8},

   number = {2},

   pages={195-210}

}



@book{jensen-book2001,

author = {F.V.~Jensen},

title = {Bayesian Networks and Decision Graphs},

publisher = {Springer Verlag},

year = 2001

}

@misc{acm1983,

author = {ACM},

year=1983,

title={Computing Reviews 24(11)},

}

@misc{apa1983,

author = {APA},

year=1983,

title={Publications Manual},

note={Washington, D.C. American Psychological Association}

}



@article{Can00,

   author    = {A. Cano and S. Moral and A. Salmer\'on},

   title     = {Penniless propagation in join trees},

   journal   = {International Journal of Intelligent Systems},

   year      = {2000},

   volume    = {15},

   pages     = {1027--1059}

}





@article{Can02,

   author    = {A. Cano and S. Moral and A. Salmer\'on},

   title     = {Lazy evaluation in {P}enniless propagation over join trees},

   journal   = {Networks},

   year      = {2002},

   volume    = {39},

   pages     = {175--185}

}



@article{Can03,

   author    = {A. Cano and S. Moral and A. Salmer\'on},

   title     = {Novel strategies to approximate probability trees in {P}enniless propagation},

   journal   = {International Journal of Intelligent Systems},

   year      = {2003},

   volume    = {18},

   pages     = {193--203}

}





@inproceedings{Cano97,

   author    = {A. Cano and S. Moral},

   title     = {Propagaci\'on exacta y aproximada con \'arboles de

       probabilidad},

   booktitle = {Actas de la VII Conferencia de la Asociaci\'on

       Espa\~nola para la Inteligencia Artificial},

   year      = {1997},

   pages     = {635--644}

}



@techreport{coO84,

   author    = {G. F. Cooper},

   title     = {NESTOR: A Computer-Based Medical Diagnostic that integrates Causal and

   Probabilistic Knowledge},

   institution = {Stanford University, Stanford, California},

   year      = 1984,

   number    = {HPP-84-48},

   type      = {Technical Report}

}



@article{Her98,

   author    = {L.D. Hern\'andez and S. Moral and A. Salmer\'on},

   title     = {A {M}onte {C}arlo algorithm for probabilistic

       propagation in belief networks based on importance

       sampling and stratified simulation techniques},

   journal   = {International Journal of Approximate Reasoning},

   year      = {1998},

   volume    = {18},

   pages     = {53--91}

}



@article{Jen95,

   author    = {C.S. Jensen and A. Kong and U. Kj{\ae}rulff},

   title     = {Blocking {G}ibbs sampling in very large

   probabilistic expert systems},

   journal   = {International Journal of Human-Computer Studies},

   year      = {1995},

   volume    = {42},

   pages     = {647--666}

}



@book{Rub81,

   author    = {R.Y. Rubinstein},

   title     = {Simulation and the {M}onte {C}arlo Method},

   year      = {1981},

   publisher = {Wiley (New York)}

}



@article{Sal2000,

   author    = {A. Salmer\'on and A. Cano and S. Moral},

   title     = {Importance sampling in {B}ayesian networks using probability trees},

   journal   = {Computational Statistics and Data Analysis},

   year      = {2000},

   volume    = {34},

   pages     = {387--413}

}



@article{She97,

   author    = {P.P. Shenoy},

   title     = {Binary join trees for computing marginals in the {S}henoy-{S}hafer

       architecture},

   journal   = {International Journal of Approximate Reasoning},

   year      = {1997},

   volume    = {17},

   pages     = {239--263}

}



@article{Zha96,

   author    = {N.L. Zhang and D. Poole},

   title     = {Exploiting causal independence in {B}ayesian network

       inference},

   journal   = {Journal of Artificial Intelligence Research},

   year      = {1996},

   volume    = {5},

   pages     = {301--328}

}



@article{Jen90,

   author    = {F.V. Jensen and S.L. Lauritzen and K.G. Olesen},

   title     = {Bayesian updating in causal probabilistic networks by local computation},

   journal   = {Computational Statistics Quarterly},

   year      = {1990},

   volume    = {4},

   pages     = {269--282}

}



@article{Mad99,

   author    = {A.L. Madsen and F.V. Jensen},

   title     = {Lazy propagation: a junction tree inference algorithm based on lazy

       evaluation},

   journal   = {Artificial Intelligence},

   year      = {1999},

   volume    = {113},

   pages     = {203--245}

}



@inproceedings{Sal01,

author = {A. Salmer\'on and S. Moral},

title  = {Importance sampling in {B}ayesian networks using antithetic variables},

booktitle = {Lecture Notes in Artificial Intelligence},

volume = {2143},

pages  = {168--179},

year = {2001}

}



@inproceedings{Mor01,

author = {S. Moral and R. Rum\'{\i} and A. Salmer\'on},

title  = {Mixtures of truncated exponentials in hybrid {B}ayesian networks},

booktitle = {Lecture Notes in Artificial Intelligence},

volume = {2143},

pages  = {156--167},

year = {2001}

}



@inproceedings{Mor03,

author = {S. Moral and A. Salmer\'on},

title  = {Dynamic importance sampling computation in {B}ayesian networks},

booktitle = {Lecture Notes in Artificial Intelligence},

volume = {2711},

pages  = {137--148},

year = {2003}

}







@article{jair02:ac,

   author    = {S.~Acid and L.M.~de~Campos},

   title     = {Searching for Bayesian network structures in the space of restricted acyclic

                partially directed graphs},

   journal   = {Journal of Artificial Intelligence Research},

   note      = {submitted},

   year      = 2002

}



@article{Blanco02,

   author  = {R. Blanco and I. Inza, and P. {Larra\~naga}},

   title   = {Learning Bayesian networks in the space of structures by estimation

             of distribution algorithms},

   journal = {International Journal of Intelligent Systems},

   volume  = {18},

   pages   = {205-220},

   year    = 2003

}



@article{CooHersk:k2,

   author  = {G.F. {Cooper} and E.~{Herskovits}},

   title   = {A Bayesian method for the induction of probabilistic networks from

            data},

   journal = {Machine Learning},

   volume  = {9},

   number  = {4},

   pages   = {309-348},

   year    = 1992

}



@article{ijar02:cfgp,

  author = {L.M.~de~Campos and J.M.~Fern\'andez-Luna and J.A.~G\'amez, and J.M.~Puerta},

  title  = {Ant colony optimization for learning Bayesian networks},

  journal=  {International Journal of Approximate Reasoning},

  note   = {to appear},

  year   = 2002

}



@inproceedings{campospuertaISAS01,

author = {L.M.~de~Campos and J.M.~Puerta},

title = {Stochastic local and distributed search algorithms for learning

  belief networks},

booktitle= {Proceedings of the III International Symposium on Adaptive Systems:

  Evolutionary Computation and Probabilistic Graphical Model},

place = {La Habana, Cuba},

pages = {109-115},

year = {2001}

}



@inproceedings{campospuertaESQ01,

author = {L.M.~de~Campos and J.M.~Puerta},

title  = {Stochastic local search algorithms for learning belief networks:

  Searching in the space of orderings},

booktitle = {Lecture Notes in Artificial Intelligence},

volume = {2143},

pages  = {228-239},

year = {2001}

}



@article{heckgeigerchick,

author  = {D. Heckerman and D. Geiger and D.M. Chickering},

title = {Learning Bayesian networks: The combination of knowledge and statistical

         data},

journal = {Machine Learning},

volume = {20},

pages  = {197-243},

year = 1995

}



@article{larra:pami,

author = {P. {Larra\~naga} and M. Poza and Y. Yurramendi and R. Murga and C.

Kuijpers},

title = {Structure learning of Bayesian networks by genetic algorithms:

          A performance analysis of control parameters},

journal = {IEEE Transactions on Pattern Analysis and Machine Intelligence},

volume = {18},

number = {9},

pages  = {912-926},

year = 1996

}



@book{Spirtes93,

author ={{P.} Spirtes and {C.} Glymour and {R.} Scheines},

title = {Causation, Prediction and Search},

publisher = {Lecture Notes in Statistics 81, Springer Verlag},

year = 1993

}



@article{Schwarz78,

author = {G. Schwarz},

title = {Estimating the dimension of a model},

journal= {Annals of Statistics},

volume = {6},

pages = {461-464},

year = 1978

}



@article{sh86,

   author    = {{R.D.} Shachter},

   title     = {Evaluating Influence Diagrams},

   journal   = {Operations Research},

   pages     = {871--882},

   year      = 1986,

   volume    = 34

}



%% References about the "classification" topic introduced

%% by Iñaki Inza

@INPROCEEDINGS

{cestnik90,

    AUTHOR      = "B. Cestnik",

    TITLE       = "Estimating probabilities: a crucial task in machine learning",

    BOOKTITLE   = " Proceedings of the European Conference on Artificial Intelligence",

    EDITOR      = "",

    PUBLISHER   = "",

    NOTE        = "",

    VOLUME      = "",

    PAGES       = "147-149",

    YEAR        = "1990"

}



@ARTICLE{chow68,

  author =       "C. Chow and C. Liu",

  title =        "Approximating discrete probability distributions with dependence trees",

  journal =      "IEEE Transactions on Information Theory",

  year =         "1968",

  volume =       "14",

  pages =        "462--467"

}



@article{dempster77,

   author    = {A.P. Dempster and N.M. Larid and D.B. Rubin},

   title     = {Maximum likelihood from incomplete data via the {EM} algorithm},

   journal   = {Journal of the Royal Statistical Society},

   pages     = {1--38},

   year      = 1977,

   volume    =

}



@article{friedman97,

   author    = {N. Friedman and D. Geiger and M. Goldszmidt},

   title     = {Bayesian network classifiers},

   journal   = {Machine Learning},

   pages     = {131--163},

   year      = 1997,

   volume    = 29

}



@INPROCEEDINGS

{langley94,

    AUTHOR      = "P. Langley and S. Sage",

    TITLE       = "Induction of selective {B}ayesian classifiers",

    BOOKTITLE   = "Proceedings of the Tenth Conference on Uncertainty in Artificial Intelligence",

    EDITOR      = "",

    PUBLISHER   = "",

    NOTE        = "",

    VOLUME      = "",

    PAGES       = "399-406",

    YEAR        = "1994"

}



@BOOK

{mclachlan7,

    AUTHOR      = "G. McLchlan and T. Krishnan",

    TITLE       = "The {EM} {A}lgorithm and {E}xtensions",

    PUBLISHER   = "John Wiley and Sons",

    YEAR        = "1997"

}



@BOOK

{mitchell97,

    AUTHOR      = "T.M. Mitchell",

    TITLE       = "Machine Learning",

    PUBLISHER   = "McGraw Hill",

    YEAR        = "1997"

}





@INPROCEEDINGS

{pazzani95,

    AUTHOR      = "M.J. Pazzani",

    TITLE       = "Searching for dependencies in {B}ayesian classifiers",

    BOOKTITLE   = "Proceedings of the Fifth International Workshop on Artificial Intelligence and Statistics",

    EDITOR      = "",

    PUBLISHER   = "",

    NOTE        = "",

    VOLUME      = "",

    PAGES       = "239-248",

    YEAR        = "1995"

}



@INPROCEEDINGS

{sahami96,

    AUTHOR      = "M. Sahami",

    TITLE       = "Learning limited dependence {B}ayesian classifiers",

    BOOKTITLE   = "Proceedings of the Second International Conference on Knowledge Discovery in Databases",

    EDITOR      = "",

    PUBLISHER   = "",

    NOTE        = "",

    VOLUME      = "",

    PAGES       = "335-338",

    YEAR        = "1996"

}

@inproceedings{dougherty95,

   author={K. Dougherty, R. Kohavi, M. Sahami},

   title={Supervised and unsupervised discretization of continuous features},

   year={1995},

   booktitle={12th International Conference on Machine Learning},

   place={N/A},

   pages={N/A}

}



@inproceedings{fayyad93,

   author={U.M. Fayyad, K.B. Irani},

   title={Multi-interval discretization of continuous-valued attributes for classification learning},

   year={1993},

   booktitle={IJCAI},

   place={N/A},

   pages={N/A}

}



@inproceedings{pazzani95,

   author={M. Pazzani},

   title={An iterative-improvement approach for the discretization of numeric attributes in Bayesian classifiers},

   year={1995},

   booktitle={First International Conference on Knowledge Discovery and Data Mining},

   place={Montreal},

   pages={N/A}

}



@inproceedings{elomaa03,

   author={Tapio Elomaa, Juho Rousu},

   title={On Decision Boundaries of Naive-Bayes in Continuous Domains},

   year={2003},

   booktitle={7th European Conference PKDD},

   place={N/A},

   pages={144--155}

}



@inproceedings{catlett91b,

   author={J. Catlett},

   title={On changing continous attributes into ordered discrete attributes},

   year={1991},

   booktitle={European Working Session on Learning},

   place={Berlin. Germany},

   pages={164--178}

}



@book{weiss91,

author = {S.M. Weiss, C. A. Kulikowski},

title = {Computer Systems that Learn},

publisher = {Morgan Kaufmann}, 

year = 1991

}



@techreport{michalski78,

   author    = {R. S. Michalski},

   title     = {A planar geometric model for representing multidimensional discrete spaces and multiple-valued

   logic functions},

   institution = {University of Illionois},

   year      = 1978,

   number    = {UIUCDCS-R-78-897},

   type      = {Technical Report}

}



@InProceedings{BerkaBruha98,

author = {Berka, P. and Bruha, I.},

title = {Discretization and Grouping: Preprocessing Steps for Data Mining},

booktitle = {Proceedings of Principles of Data Mining and Knowledge Discovery PKDD'98},

pages = {239-245},

year = {1998},

series = {LNAI 1510},

publisher = {Springer Verlag}

}

%%% Fusion
%
@inproceedings{SagradoMoral2001,

author = {J. del Sagrado and S. Moral},

title  = {Qualitative Aggregation of Bayesian Networks},

booktitle = {Data Fusion and Perception},

pages  = {91--108},

year = {2001}

series = {CISM Courses and Lectures No. 431}

publisher = {Springer Verlag}
}

@inproceedings{CastilloGutHad97,

author = {E. Castillo, J.M. Guti\'errez and A.S. Hadi},

title = {Combining multiple directed graphical representations into a single probabilistic model}

booktitle = {Actas de la VII Conferencia de la Asociaci\'on

       Espa\~nola para la Inteligencia Artificial},

year = {1997},

pages = {645--652}
}