@inproceedings{shachter-peot1992,
   author={Ross. D. Shachter and Mark A. Peot},
   title={Decision Making Using Probabilistic Inference Methods},
   year={1992},
   booktitle={8th Conferece on Uncertainty in Artificial Intelligence},
   place={San Mateo, CA},
   pages={276-283}
}
@article(buntine1996,
   author={Wray Buntine},
   title={A guide to the literature on learning probabilistic networks from data},
   year={1996},
   journal={IEEE Trans. on Knowledge and Data Engineering}, 
   volume={8},
   number = {2},
   pages={195-210}
) 

@book{jensen-book2001,
author = {F.V.~Jensen},
title = {Bayesian Networks and Decision Graphs},
publisher = {Springer Verlag}, 
year = 2001
}
@misc{acm1983,
author = {ACM},
year=1983,
title={Computing Reviews 24(11)},
}
@misc{apa1983,
author = {APA},
year=1983,
title={Publications Manual},
note={Washington, D.C. American Psychological Association}
}

@article{Can00,
   author    = {A. Cano and S. Moral and A. Salmer\'on},
   title     = {Penniless propagation in join trees},
   journal   = {International Journal of Intelligent Systems},
   year      = {2000},
   volume    = {15},
   pages     = {1027--1059}
}


@article{Can02,
   author    = {A. Cano and S. Moral and A. Salmer\'on},
   title     = {Lazy evaluation in {P}enniless propagation over join trees},
   journal   = {Networks},
   year      = {2002},
   volume    = {39},
   pages     = {175--185}
}

@inproceedings{Cano97,
   author    = {A. Cano and S. Moral},
   title     = {Propagaci\'on exacta y aproximada con \'arboles de 
       probabilidad},
   booktitle = {Actas de la VII Conferencia de la Asociaci\'on
       Espa\~nola para la Inteligencia Artificial},
   year      = {1997},
   pages     = {635--644}
}

@techreport{coO84,
   author    = {G. F. Cooper},
   title     = {NESTOR: A Computer-Based Medical Diagnostic that integrates Causal and
   Probabilistic Knowledge},
   institution = {Stanford University, Stanford, California},
   year      = 1984,
   number    = {HPP-84-48},
   type      = {Technical Report}
}

@article{Her98,
   author    = {L.D. Hern\'andez and S. Moral and A. Salmer\'on},
   title     = {A {M}onte {C}arlo algorithm for probabilistic
       propagation in belief networks based on importance
       sampling and stratified simulation techniques},
   journal   = {International Journal of Approximate Reasoning},
   year      = {1998},
   volume    = {18},
   pages     = {53--91}
}

@article{Sal2000,
   author    = {A. Salmer\'on and A. Cano and S. Moral},
   title     = {Importance sampling in {B}ayesian networks using probability trees},
   journal   = {Computational Statistics and Data Analysis},
   year      = {2000},
   volume    = {34},
   pages     = {387--413}
}

@article{She97,
   author    = {P.P. Shenoy},
   title     = {Binary join trees for computing marginals in the {S}henoy-{S}hafer
       architecture},
   journal   = {International Journal of Approximate Reasoning},
   year      = {1997},
   volume    = {17},
   pages     = {239--263}
}

@article{Zha96,
   author    = {N.L. Zhang and D. Poole},
   title     = {Exploiting causal independence in {B}ayesian network
       inference},
   journal   = {Journal of Artificial Intelligence Research},
   year      = {1996},
   volume    = {5},
   pages     = {301--328}
}

@article{Jen90,
   author    = {F.V. Jensen and S.L. Lauritzen and K.G. Olesen},
   title     = {Bayesian updating in causal probabilistic networks by local computation},
   journal   = {Computational Statistics Quarterly},
   year      = {1990},
   volume    = {4},
   pages     = {269--282}
}

@article{Mad99,
   author    = {A.L. Madsen and F.V. Jensen},
   title     = {Lazy propagation: a junction tree inference algorithm based on lazy
       evaluation},
   journal   = {Artificial Intelligence},
   year      = {1999},
   volume    = {113},
   pages     = {203--245}
}

@inproceedings{Sal01,
author = {A. Salmer\'on and S. Moral},
title  = {Importance sampling in {B}ayesian networks using antithetic variables},
booktitle = {Lecture Notes in Artificial Intelligence}, 
volume = {2143}, 
pages  = {168--179},
year = {2001}
}

@inproceedings{Mor01,
author = {S. Moral and R. Rum\'{\i} and A. Salmer\'on},
title  = {Mixtures of truncated exponentials in hybrid {B}ayesian networks},
booktitle = {Lecture Notes in Artificial Intelligence}, 
volume = {2143}, 
pages  = {156--167},
year = {2001}
}



@article{jair02:ac,
   author    = {S.~Acid and L.M.~de~Campos},
   title     = {Searching for {B}ayesian network structures in the space of restricted acyclic 
                partially directed graphs},
   journal   = {Journal of Artificial Intelligence Research}, 
   note      = {submitted},
   year      = 2002
}

@article{Blanco02,
   author  = {R. Blanco and I. Inza and P. {Larra\~naga}},
   title   = {Learning {B}ayesian networks in the space of structures by estimation 
             of distribution algorithms}, 
   journal = {International Journal of Intelligent Systems},
   year    = 2002, 
   note    = {to appear}
}

@article{CooHersk:k2,
   author  = {G.F. {Cooper} and E.~{Herskovits}},
   title   = {A {B}ayesian method for the induction of probabilistic networks from
            data},
   journal = {Machine Learning}, 
   volume  = {9},
   number  = {4}, 
   pages   = {309-348},
   year    = 1992
}

@article{ijar02:cfgp,
  author = {L.M.~de~Campos and J.M.~Fern\'andez-Luna and J.A.~G\'amez and J.M.~Puerta},
  title  = {Ant colony optimization for learning {B}ayesian networks},
  journal=  {International Journal of Approximate Reasoning}, 
  note   = {to appear},
  year   = 2002
}

@inproceedings{campospuertaISAS01,
author = {L.M.~de~Campos and J.M.~Puerta},
title = {Stochastic local and distributed search algorithms for learning
  belief networks},
booktitle= {Proceedings of the III International Symposium on Adaptive Systems: 
  Evolutionary Computation and Probabilistic Graphical Model},
place = {La Habana, Cuba}, 
pages = {109-115},
year = {2001}
}

@inproceedings{campospuertaESQ01,
author = {L.M.~de~Campos and J.M.~Puerta},
title  = {Stochastic local search algorithms for learning belief networks:
  Searching in the space of orderings},
booktitle = {Lecture Notes in Artificial Intelligence}, 
volume = {2143}, 
pages  = {228-239},
year = {2001}
}

@article{heckgeigerchick,
author  = {D. Heckerman and D. Geiger and D.M. Chickering},
title = {Learning {B}ayesian networks: The combination of knowledge and statistical
         data},
journal = {Machine Learning},
volume = {20},
pages  = {197-243},
year = 1995
}

@article{larra:pami,
author = {P. {Larra\~naga} and M. Poza and Y. Yurramendi and R. Murga and C.
Kuijpers},
title = {Structure learning of {B}ayesian networks by genetic algorithms: 
          A performance analysis of control parameters},
journal = {IEEE Transactions on Pattern Analysis and Machine Intelligence},
volume = {18},
number = {9}, 
pages  = {912-926},
year = 1996
}

@book{Spirtes93,
author ={{P.} Spirtes and {C.} Glymour and {R.} Scheines},
title = {Causation, Prediction and Search},
publisher = {Lecture Notes in Statistics 81, Springer Verlag}, 
year = 1993
}

@article{Schwarz78,
author = {G. Schwarz},
title = {Estimating the dimension of a model},
journal= {Annals of Statistics},
volume = {6},
pages = {461-464},
year = 1978
}

@article{sh86,
   author    = {{R.D.} Shachter},
   title     = {Evaluating Influence Diagrams},
   journal   = {Operations Research},
   pages     = {871--882},
   year      = 1986,
   volume    = 34
}

@article{Nilsson-mpe,
   author    = {Nilsson, D.},
   title     = {An efficient algorithm for finding the {M} most probable
                 configurations in {B}ayesian networks},
   journal   = {Statistics and Computing},
   year      = {1998},
   pages	= {159-173},
   volume    = {9},
   numer     = {8}
}

@inproceedings{cgm-libroIpmu00,
author = {L.M. de Campos and  J.A. G\'amez and S. Moral},
title  = {On the problem of performing exact partial abductive
	inference in {B}ayesian networks using junction trees},
booktitle = {Technologies for Constructing Intelligent Systems 2:
	Tools},
editor = {B. Bouchon-Meunier and  J. Gutierrez-Rios and L. Magdalena and R. Yager},
pages  = {289-302},
year = {2002},
publisher = {Physica Verlag. Springer Verlag}
}

@inproceedings{cgm-caepia01,
author = {L.M. de Campos and  J.A. G\'amez and S. Moral},
title  = {Partial abduction in {B}ayesian networks by using probability trees (in spanish)},
booktitle = {Actas de la IX {C}onferencia de la {A}sociaci\'on    
	{E}spa\~nola {P}ara la {I}nteligencia {A}rtificial},
pages  = {1065-1074},
year = {2001}
}



@ARTICLE{diez02a,
  AUTHOR  = "F. J. D\'{\i}ez and S. F. Gal\'an",
  TITLE   = "Efficient computation for the noisy {MAX}",
  JOURNAL = "International Journal of Intelligent Systems",
  VOLUME  = "",
  YEAR    = 2002,
  PAGES   = "In press"
}

@ MISC{diez02x,
  AUTHOR  = "F. J. D\'{\i}ez and M. Druzdzel",
  TITLE   = "Canonical probabilistic models for knowledge engineering",
  YEAR    = 2002,
  NOTE    = "In preparation"
}

@ARTICLE{lacave02a,
  AUTHOR  = "C. Lacave and F. J. D\'{\i}ez",
  TITLE   = "A review of explanation methods for {B}ayesian networks",
  JOURNAL = "Knowledge Engineering Review",
  VOLUME  = 17,
  YEAR    = 2002,
  PAGES   = "",
  KEYWORDS= {},
  TEMA    = {},
  CLAVES  = {,rb,}
}

@INPROCEEDINGS{lacave02b,
  AUTHOR  = "C. Lacave and F. J. D\'{\i}ez",
  TITLE   = "Explanation for causal {B}ayesian networks in {E}lvira",
  BOOKTITLE="Proceedings of the Workshop on Intelligent Data 
        Analysis in Medicine and Pharmacology (IDAMAP-2002)",
  ADDRESS = "Lyon, France",
  YEAR    = 2002,
  PAGES = "",
  KEYWORDS= {},
  TEMA    = {},
  CLAVES  = {,rb,}
}

@PHDTHESIS{olmsted83,
  AUTHOR  = "S. M. Olmsted",
  TITLE   = "On Representing and Solving Decision Problems",
  SCHOOL  = "Dept.\ Engineering-Economic Systems",
  ADDRESS = "Stanford University",
  YEAR    = 1993,
  KEYWORDS= {},
  TEMA    = {},
  CLAVES  = {,diag-infl,}
}

@ARTICLE{wellman90a,
  AUTHOR  = "M. P. Wellman",
  TITLE   = "Fundamental concepts of qualitative probabilistic networks",
  JOURNAL = "Artificial Intelligence",
  VOLUME  = 44,
  YEAR    = 1990,
  PAGES   = "257--303",
  KEYWORDS= {},
  TEMA    = {},
  CLAVES  = {,cual-rb,}
}

@ARTICLE{zhang98,
  AUTHOR  = "N. L. Zhang",
  TITLE   = "Computational properties of two exact algorithms 
	for {B}ayesian networks ",
  JOURNAL = "Applied Intelligence",
  VOLUME  = 9,
  YEAR    = 1998,
  PAGES   = "173--183",
  KEYWORDS= {},
  TEMA    = {},
  CLAVES  = {,cliques-rb,}
}


